@inproceedings{cohen2018b,
    author    = {Taco S. Cohen and
        Mario Geiger and
        Jonas K{\"{o}}hler and
        Max Welling},
    title     = {{S}pherical {CNNs}},
    booktitle = {6th International Conference on Learning Representations, {ICLR}},
    year      = {2018},
    timestamp = {Thu, 21 Jan 2021 17:36:45 +0100},
    biburl    = {https://dblp.org/rec/conf/iclr/CohenGKW18.bib},
    bibsource = {dblp computer science bibliography, https://dblp.org}
}